<?xml version="1.0" encoding="UTF-8"?><collection xmlns="http://www.loc.gov/MARC21/slim"><record><leader>00345nam--2200133-i-4500</leader><controlfield tag="001">000018067</controlfield><controlfield tag="002">20161230</controlfield><controlfield tag="005">20161230201032</controlfield><controlfield tag="008">060222s1000------------r-----000-0-eng-d</controlfield><datafield ind1=" " ind2=" " tag="100"><subfield code="a">Ducrocq,Albert</subfield></datafield><datafield ind1=" " ind2=" " tag="245"><subfield code="a">La theorie elementaire des piles atomiques</subfield></datafield><datafield ind1=" " ind2=" " tag="260"><subfield code="a">Paris, Dunod, 1950. 31 P</subfield></datafield><datafield ind1=" " ind2=" " tag="490"><subfield code="a">Collection Science Et Avenir</subfield></datafield><datafield ind1=" " ind2=" " tag="852"><subfield code="a">494</subfield></datafield></record></collection>